@article{bastolla2009architecture,
  title     =   {The architecture of mutualistic networks minimizes competition and increases biodiversity},
  author    =   {Bastolla, Ugo and Fortuna, Miguel A and Pascual-Garc{\'\i}a, Alberto and Ferrera, Antonio and Luque, Bartolo and Bascompte, Jordi},
  journal   =   {Nature},
  volume    =   {458},
  number    =   {7241},
  pages     =   {1018},
  year      =   {2009},
  publisher =   {Nature Publishing Group}
}

@book{combes2001parasitism,
  title     =   {Parasitism: the ecology and evolution of intimate interactions},
  author    =   {Combes, Claude},
  year      =   {2001},
  publisher =   {University of Chicago Press},
  pages     =   {8}
}

@article{moore2004detritus,
  title     =   {Detritus, trophic dynamics and biodiversity},
  author    =   {Moore, John C and Berlow, Eric L and Coleman, David C and de Ruiter, Peter C and Dong, Quan and Hastings, Alan and Johnson, Nancy Collins and McCann, Kevin S and Melville, Kim and Morin, Peter J and others},
  journal   =   {Ecology letters},
  volume    =   {7},
  number    =   {7},
  pages     =   {584--600},
  year      =   {2004},
  publisher =   {Wiley Online Library}
}

@article{agrawal2000omnivores,
  title     =   {What omnivores eat: direct effects of induced plant resistance on herbivores and indirect consequences for diet selection by omnivores},
  author    =   {Agrawal, Anurag A and Klein, Corinne N},
  journal   =   {Journal of Animal Ecology},
  volume    =   {69},
  number    =   {3},
  pages     =   {525--535},
  year      =   {2000},
  publisher =   {Wiley Online Library}
}

@article{lotka1926elements,
  title     =   {Elements of physical biology},
  author    =   {Lotka, Alfred J},
  journal   =   {Science Progress in the Twentieth Century (1919-1933)},
  volume    =   {21},
  number    =   {82},
  pages     =   {341--343},
  year      =   {1926},
  publisher =   {JSTOR}
}

@book{volterra1927variazioni,
  title     =   {Variazioni e fluttuazioni del numero d'individui in specie animali conviventi},
  author    =   {Volterra, Vito},
  year      =   {1927},
  publisher =   {C. Ferrari}
}

@article{campbell1961conditions,
  title     =   {Conditions for the existence of bacteriophage},
  author    =   {Campbell, Allan},
  journal   =   {Evolution},
  pages     =   {153--165},
  year      =   {1961},
  publisher =   {JSTOR}
}

@misc{hofbauertheory,
  title     =   {The Theory of Evolution and Dynamical Systems. 1988},
  author    =   {Hofbauer, J and Sigmund, K},
  publisher =   {Cambridge University Press, Cambridge}
}

@misc{drossel2003handbook,
  title     =   {Handbook of graphs and networks, chapter Modelling food webs},
  author    =   {Drossel, Barbara and McKane, A},
  year      =   {2003},
  publisher =   {Wiley-VCH, Berlin}
}

@misc{beals1999predator,
  title     =   {Predator-Prey Dynamics: Lokta-Volterra},
  author    =   {Beals, M and Gross, L and Harrell, S},
  year      =   {1999}
}

@book{ellis1990annotated,
  title     =   {The annotated C++ reference manual},
  author    =   {Ellis, Margaret A and Stroustrup, Bjarne},
  year      =   {1990},
  publisher =   {Addison-Wesley}
}  %pages     =   {??}


@misc{eigen,
    title   =   {Eigen version 3},
    url     =   {http://eigen.tuxfamily.org},
    author  =   {Guennebaud,  G.,  Jacob,  B.,  et al.},
    year    =   {2010}
}

@book{atkinson2008introduction,
  title     =   {An introduction to numerical analysis},
  author    =   {Atkinson, Kendall E},
  year      =   {2008},
  publisher =   {John Wiley \& Sons},
  pages      =   {423} %431 Runge-Kutta-Fehlberg
  % Runge-Kutta-Fehlberg:
  % http://maths.cnam.fr/IMG/pdf/RungeKuttaFehlbergProof.pdf
}

@incollection{sih1990interacting,
  title     =   {Interacting effects of predator and prey behavior in determining diets},
  author    =   {Sih, Andrew and Moore, Robert D},
  booktitle =   {Behavioural mechanisms of food selection},
  pages     =   {771--796},
  year      =   {1990},
  publisher =   {Springer}
}

@article{holling1959components,
  title     =   {The components of predation as revealed by a study of small-mammal predation of the European pine sawfly},
  author    =   {Holling, Crawford S},
  journal   =   {The Canadian Entomologist},
  volume    =   {91},
  number    =   {5},
  pages     =   {293--320},
  year      =   {1959},
  publisher =   {Cambridge University Press}
}

@article{haerter2016food,
  title     =   {Food web assembly rules for generalized Lotka-Volterra equations},
  author    =   {Haerter, Jan O and Mitarai, Namiko and Sneppen, Kim},
  journal   =   {PLoS computational biology},
  volume    =   {12},
  number    =   {2},
  pages     =   {e1004727},
  year      =   {2016},
  publisher =   {Public Library of Science}
}

@book{strogatz2018nonlinear,
  title     =   {Nonlinear dynamics and chaos: with applications to physics, biology, chemistry, and engineering},
  author    =   {Strogatz, Steven H},
  year      =   {2018},
  publisher =   {CRC Press}
} % pages     =   ???

@article{tao2010random,
  title     =   {Random matrices: Universality of ESDs and the circular law},
  author    =   {Tao, Terence and Vu, Van and Krishnapur, Manjunath and others},
  journal   =   {The Annals of Probability},
  volume    =   {38},
  number    =   {5},
  pages     =   {2023--2065},
  year      =   {2010},
  publisher =   {Institute of Mathematical Statistics}
}

@article{may1972will,
  title     =   {Will a large complex system be stable?},
  author    =   {May, Robert M},
  journal   =   {Nature},
  volume    =   {238},
  number    =   {5364},
  pages     =   {413},
  year      = {1972},
  publisher =   {Nature Publishing Group}
}

@article{allesina2012stability,
  title     =   {Stability criteria for complex ecosystems},
  author    =   {Allesina, Stefano and Tang, Si},
  journal   =   {Nature},
  volume    =   {483},
  number    =   {7388},
  pages     =   {205},
  year      =   {2012},
  publisher =   {Nature Publishing Group}
}

@article{weiss1998evolution,
  title     =   {Evolution},
  author    =   {Weiss, Kenneth M},
  journal   =   {The International Encyclopedia of Biological Anthropology},
  pages     =   {1--16},
  year      =   {1998},
  publisher =   {Wiley Online Library}
}

@article{larsen2005extinction,
  title     =   {Extinction order and altered community structure rapidly disrupt ecosystem functioning},
  author    =   {Larsen, Trond H and Williams, Neal M and Kremen, Claire},
  journal   =   {Ecology letters},
  volume    =   {8},
  number    =   {5},
  pages     =   {538--547},
  year      =   {2005},
  publisher =   {Wiley Online Library}
}

@article{walther2010community,
  title     =   {Community and ecosystem responses to recent climate change},
  author    =   {Walther, Gian-Reto},
  journal   =   {Philosophical Transactions of the Royal Society B: Biological Sciences},
  volume    =   {365},
  number    =   {1549},
  pages     =   {2019--2024},
  year      =   {2010},
  publisher =   {The Royal Society}
}

@article{ceballos2015accelerated,
  title     =   {Accelerated modern human--induced species losses: Entering the sixth mass extinction},
  author    =   {Ceballos, Gerardo and Ehrlich, Paul R and Barnosky, Anthony D and Garc{\'\i}a, Andr{\'e}s and Pringle, Robert M and Palmer, Todd M},
  journal   =   {Science advances},
  volume    =   {1},
  number    =   {5},
  pages     =   {e1400253},
  year      =   {2015},
  publisher =   {American Association for the Advancement of Science}
}

@article{barnosky2011has,
  title     =   {Has the Earthâ€™s sixth mass extinction already arrived?},
  author    =   {Barnosky, Anthony D and Matzke, Nicholas and Tomiya, Susumu and Wogan, Guinevere OU and Swartz, Brian and Quental, Tiago B and Marshall, Charles and McGuire, Jenny L and Lindsey, Emily L and Maguire, Kaitlin C and others},
  journal   =   {Nature},
  volume    =   {471},
  number    =   {7336},
  pages     =   {51},
  year      =   {2011},
  publisher =   {Nature Publishing Group}
}

@article{gardner1970connectance,
  title     =   {Connectance of large dynamic (cybernetic) systems: critical values for stability},
  author    =   {Gardner, Mark R and Ashby, W Ross},
  journal   =   {Nature},
  volume    =   {228},
  number    =   {5273},
  pages     =   {784},
  year      =   {1970},
  publisher =   {Nature Publishing Group}
}

% More general about sustainability
@article{loreau2013biodiversity,
  title     =   {Biodiversity and ecosystem stability: a synthesis of underlying mechanisms},
  author    =   {Loreau, Michel and de Mazancourt, Claire},
  journal   =   {Ecology letters},
  volume    =   {16},
  pages     =   {106--115},
  year      =   {2013},
  publisher =   {Wiley Online Library}
}

% same as above
@article{chapin1996principles,
  title     =   {Principles of ecosystem sustainability},
  author    =   {Chapin III, F Stuart and Torn, Margaret S and Tateno, Masaki},
  journal   =   {American Naturalist},
  pages     =   {1016--1037},
  year      =   {1996},
  publisher =   {JSTOR}
}

@incollection{hall1993food,
  title     =   {Food webs: theory and reality},
  author    =   {Hall, Stephen J and Raffaelli, Dave G},
  booktitle =   {Advances in ecological research},
  volume    =   {24},
  pages     =   {187--239},
  year      =   {1993},
  publisher =   {Elsevier}
}

@article{de1995energetics,
  title     =   {Energetics, patterns of interaction strengths, and stability in real ecosystems},
  author    =   {de Ruiter, Peter C and Neutel, Anje-Margriet and Moore, John C},
  journal   =   {Science},
  volume    =   {269},
  number    =   {5228},
  pages     =   {1257--1260},
  year      =   {1995},
  publisher =   {American Association for the Advancement of Science}
}

@article{drossel2004impact,
  title     =   {The impact of nonlinear functional responses on the long-term evolution of food web structure},
  author    =   {Drossel, Barbara and McKane, Alan J and Quince, Christopher},
  journal   =   {Journal of Theoretical Biology},
  volume    =   {229},
  number    =   {4},
  pages     =   {539--548},
  year      =   {2004},
  publisher =   {Elsevier}
}

@article{emmerson2004weak,
  title     =   {Weak interactions, omnivory and emergent food-web properties},
  author    =   {Emmerson, Mark and Yearsley, Jon M},
  journal   =   {Proceedings of the Royal Society of London. Series B: Biological Sciences},
  volume    =   {271},
  number    =   {1537},
  pages     =   {397--405},
  year      =   {2004},
  publisher =   {The Royal Society}
}